% This file was created with JabRef 2.10b2.
% Encoding: UTF-8


@Article{brunton2010fast,
  Title                    = {Fast computation of finite-time {L}yapunov exponent fields for unsteady flows},
  Author                   = {Brunton, S.L. and Rowley, C.W.},
  Journal                  = {Chaos},
  Year                     = {2010},
  Number                   = {1},
  Pages                    = {017503},
  Volume                   = {20},

  Owner                    = {finnj},
  Timestamp                = {2016.03.04}
}

@Article{finn2013integrated,
  Title                    = {Integrated computation of Finite Time {L}yapunov exponent fields during direct numerical simulation of unsteady flows.},
  Author                   = {Justin Finn and Sourabh V. Apte},
  Journal                  = {Chaos},
  Year                     = {2013},
  Number                   = {1},
  Pages                    = {013145},
  Volume                   = {23},

  Owner                    = {finnj},
  Timestamp                = {2012.11.30}
}

@Article{haller2015lagrangian,
  Title                    = {Lagrangian coherent structures},
  Author                   = {Haller, George},
  Journal                  = {Annual Review of Fluid Mechanics},
  Year                     = {2015},
  Pages                    = {137--162},
  Volume                   = {47},

  Publisher                = {Annual Reviews}
}

@Article{leung2011eulerian,
  Title                    = {An {E}ulerian approach for computing the finite time {L}yapunov exponent},
  Author                   = {Leung, S.},
  Journal                  = {Journal of Computational Physics},
  Year                     = {2011},
  Number                   = {9},
  Pages                    = {3500--3524},
  Volume                   = {230},

  Owner                    = {finnj},
  Publisher                = {Elsevier},
  Timestamp                = {2016.03.04}
}

@Article{peacock2010introduction,
  Title                    = {Introduction to focus issue: Lagrangian coherent structures},
  Author                   = {Peacock, Thomas and Dabiri, John},
  Journal                  = {Chaos: An Interdisciplinary Journal of Nonlinear Science},
  Year                     = {2010},
  Number                   = {1},
  Pages                    = {017501},
  Volume                   = {20},

  Publisher                = {AIP Publishing}
}

@Article{peacock2015introduction,
  Title                    = {Introduction to Focus Issue: Objective Detection of Coherent Structures},
  Author                   = {Peacock, T and Froyland, G and Haller, G},
  Journal                  = {Chaos},
  Year                     = {2015},
  Number                   = {8},
  Pages                    = {7201},
  Volume                   = {25}
}

@Article{samelson2013lagrangian,
  Title                    = {Lagrangian motion, coherent structures, and lines of persistent material strain},
  Author                   = {Samelson, RM},
  Journal                  = {Annual review of marine science},
  Year                     = {2013},
  Pages                    = {137--163},
  Volume                   = {5},

  Publisher                = {Annual Reviews}
}

